<?xml version="1.0" encoding="utf-8"?>
<record xmlns="http://www.loc.gov/MARC21/slim" xmlns:xsi="http://www.w3.org/2001/XMLSchema-instance" xsi:schemaLocation="http://www.loc.gov/MARC21/slim http://www.loc.gov/standards/marcxml/schema/MARC21slim.xsd">
	<leader>
		03845nam a2200649   4500
	</leader>
	<controlfield tag="001">
		3763940
	</controlfield>
	<controlfield tag="003">
		NIC
	</controlfield>
	<controlfield tag="006">
		m        d        
	</controlfield>
	<controlfield tag="007">
		cr cn |||m|||a
	</controlfield>
	<controlfield tag="008">
		160224s1957    ae      o     001 0 arard
	</controlfield>
	<datafield ind1=" " ind2=" " tag="040">
		<subfield code="a">
			NNU
		</subfield>
		<subfield code="b">
			eng
		</subfield>
		<subfield code="e">
			rda
		</subfield>
		<subfield code="c">
			NNU
		</subfield>
	</datafield>
	<datafield ind1="0" ind2=" " tag="041">
		<subfield code="a">
			ara
		</subfield>
		<subfield code="a">
			fre
		</subfield>
	</datafield>
	<datafield ind1=" " ind2=" " tag="043">
		<subfield code="a">
			ff-----
		</subfield>
		<subfield code="a">
			fd-----
		</subfield>
	</datafield>
	<datafield ind1=" " ind2="4" tag="050">
		<subfield code="a">
			DT188
		</subfield>
		<subfield code="b">
			.I37 1957
		</subfield>
	</datafield>
	<datafield ind1="0" ind2=" " tag="100">
		<subfield code="6">
			880-01
		</subfield>
		<subfield code="a">
			Idrīsī,
		</subfield>
		<subfield code="d">
			approximately 1100-1166.
		</subfield>
	</datafield>
	<datafield ind1="1" ind2="0" tag="240">
		<subfield code="6">
			880-02
		</subfield>
		<subfield code="a">
			Nuzhat al-mushtāq fī ikhtirāq al-āfāq.
		</subfield>
		<subfield code="k">
			Selections
		</subfield>
	</datafield>
	<datafield ind1="1" ind2="0" tag="245">
		<subfield code="6">
			880-03
		</subfield>
		<subfield code="a">
			Waṣf Ifrīqiyā al-Shamālīyah wa-al-Ṣaḥrāwīyah :
		</subfield>
		<subfield code="b">
			maʼkhūdh min Kitāb Nuzhat al-mushtāq fī ikhtirāq al-āfāq /
		</subfield>
		<subfield code="c">
			taʼlīf al-Sharīf al-Idrīsī ; qad iʻtaná bi-taṣḥīḥihi wa-nashrihi Hinrī Bīrīs.
		</subfield>
	</datafield>
	<datafield ind1="3" ind2=" " tag="246">
		<subfield code="a">
			Waṣf Afrīqiyā al-Shamālīyah wa-al-Ṣaḥrāwīyah
		</subfield>
	</datafield>
	<datafield ind1="1" ind2="5" tag="246">
		<subfield code="a">
			Description de l'Afrique septentrionale et saharienne
		</subfield>
	</datafield>
	<datafield ind1=" " ind2=" " tag="260">
		<subfield code="6">
			880-04
		</subfield>
		<subfield code="a">
			al-Jazāʼir :
		</subfield>
		<subfield code="b">
			[La Maison des Livres],
		</subfield>
		<subfield code="c">
			1957.
		</subfield>
	</datafield>
	<datafield ind1=" " ind2=" " tag="300">
		<subfield code="a">
			online resource (142, v pages)
		</subfield>
	</datafield>
	<datafield ind1=" " ind2=" " tag="336">
		<subfield code="a">
			text
		</subfield>
		<subfield code="2">
			rdacontent
		</subfield>
	</datafield>
	<datafield ind1=" " ind2=" " tag="337">
		<subfield code="a">
			computer
		</subfield>
		<subfield code="2">
			rdamedia
		</subfield>
	</datafield>
	<datafield ind1=" " ind2=" " tag="338">
		<subfield code="a">
			online resource
		</subfield>
		<subfield code="2">
			rdacarrier
		</subfield>
	</datafield>
	<datafield ind1="1" ind2=" " tag="490">
		<subfield code="a">
			Bibliothèque de l'Institut d'études supérieures islamiques d'Alger ;
		</subfield>
		<subfield code="v">
			10
		</subfield>
	</datafield>
	<datafield ind1="0" ind2=" " tag="490">
		<subfield code="6">
			880-05
		</subfield>
		<subfield code="a">
			Maktabat Maʻhad al-Durūs al-ʻUlyā al-Islāmīyah bi-al-Jazāʼir ;
		</subfield>
		<subfield code="v">
			[10]
		</subfield>
	</datafield>
	<datafield ind1=" " ind2=" " tag="500">
		<subfield code="a">
			Part of the Arabic Collections Online (ACO) project, contributed by Cornell University Libraries.
		</subfield>
	</datafield>
	<datafield ind1=" " ind2=" " tag="533">
		<subfield code="a">
			Electronic reproduction.
		</subfield>
		<subfield code="b">
			New York, N.Y. :
		</subfield>
		<subfield code="c">
			New York University,
		</subfield>
		<subfield code="d">
			2016.
		</subfield>
		<subfield code="5">
			NNU
		</subfield>
	</datafield>
	<datafield ind1=" " ind2=" " tag="546">
		<subfield code="a">
			In Arabic; includes t.p. and index in French.
		</subfield>
	</datafield>
	<datafield ind1=" " ind2=" " tag="500">
		<subfield code="a">
			&quot;Texte arabe extrait du 'Kitâb Nuzhat al-Muchtâq fî Ikhtirâq al-Afâq' d'après l'édition de Leyde [1866], par R. Dozy et J. de Goeje&quot;--Added title page.
		</subfield>
	</datafield>
	<datafield ind1=" " ind2=" " tag="500">
		<subfield code="a">
			Includes indexes.
		</subfield>
	</datafield>
	<datafield ind1=" " ind2="0" tag="651">
		<subfield code="a">
			Africa, North
		</subfield>
		<subfield code="x">
			Description and travel
		</subfield>
		<subfield code="v">
			Early works to 1800.
		</subfield>
	</datafield>
	<datafield ind1=" " ind2="0" tag="651">
		<subfield code="a">
			Sahara
		</subfield>
		<subfield code="x">
			Description and travel
		</subfield>
		<subfield code="v">
			Early works to 1800.
		</subfield>
	</datafield>
	<datafield ind1=" " ind2="0" tag="650">
		<subfield code="a">
			Geography, Arab.
		</subfield>
	</datafield>
	<datafield ind1=" " ind2="7" tag="650">
		<subfield code="a">
			Geography, Arab.
		</subfield>
		<subfield code="2">
			fast
		</subfield>
		<subfield code="0">
			(OCoLC)fst00940571
		</subfield>
	</datafield>
	<datafield ind1=" " ind2="7" tag="650">
		<subfield code="a">
			Travel.
		</subfield>
		<subfield code="2">
			fast
		</subfield>
		<subfield code="0">
			(OCoLC)fst01155558
		</subfield>
	</datafield>
	<datafield ind1=" " ind2="7" tag="651">
		<subfield code="a">
			Africa, North.
		</subfield>
		<subfield code="2">
			fast
		</subfield>
		<subfield code="0">
			(OCoLC)fst01239515
		</subfield>
	</datafield>
	<datafield ind1=" " ind2="7" tag="651">
		<subfield code="a">
			Sahara.
		</subfield>
		<subfield code="2">
			fast
		</subfield>
		<subfield code="0">
			(OCoLC)fst01242088
		</subfield>
	</datafield>
	<datafield ind1=" " ind2="7" tag="655">
		<subfield code="a">
			Early works.
		</subfield>
		<subfield code="2">
			fast
		</subfield>
		<subfield code="0">
			(OCoLC)fst01411636
		</subfield>
	</datafield>
	<datafield ind1="1" ind2=" " tag="700">
		<subfield code="6">
			880-06
		</subfield>
		<subfield code="a">
			Pérès, Henri.
		</subfield>
	</datafield>
	<datafield ind1="1" ind2=" " tag="700">
		<subfield code="a">
			Dozy, Reinhart Pieter Anne,
		</subfield>
		<subfield code="d">
			1820-1883.
		</subfield>
	</datafield>
	<datafield ind1="1" ind2=" " tag="700">
		<subfield code="a">
			Goeje, M. J. de
		</subfield>
		<subfield code="q">
			(Michael Jan),
		</subfield>
		<subfield code="d">
			1836-1909.
		</subfield>
	</datafield>
	<datafield ind1="2" ind2=" " tag="710">
		<subfield code="a">
			Cornell University.
		</subfield>
		<subfield code="b">
			Libraries.
		</subfield>
	</datafield>
	<datafield ind1="0" ind2=" " tag="730">
		<subfield code="a">
			Arabic Collections Online.
		</subfield>
	</datafield>
	<datafield ind1="0" ind2="8" tag="776">
		<subfield code="i">
			Print version:
		</subfield>
		<subfield code="a">
			Idrīsī, approximately 1100-1166.
		</subfield>
		<subfield code="t">
			Waṣf Ifrīqiyā al-Shamālīyah wa-al-Ṣaḥrāwīyah
		</subfield>
		<subfield code="w">
			(NIC)3763940
		</subfield>
		<subfield code="w">
			(OCoLC)31477878
		</subfield>
	</datafield>
	<datafield ind1=" " ind2="0" tag="830">
		<subfield code="a">
			Bibliothèque de l'Institut d'études supérieures islamiques d'Alger ;
		</subfield>
		<subfield code="v">
			10.
		</subfield>
	</datafield>
	<datafield ind1=" " ind2="0" tag="830">
		<subfield code="6">
			880-07
		</subfield>
		<subfield code="a">
			Maktabat Maʻhad al-Durūs al-ʻUlyā al-Islāmīyah bi-al-Jazāʼir ;
		</subfield>
		<subfield code="v">
			[10]
		</subfield>
	</datafield>
	<datafield ind1="4" ind2="0" tag="856">
		<subfield code="u">
			http://hdl.handle.net/2333.1/cvdncp2g
		</subfield>
	</datafield>
	<datafield ind1="0" ind2=" " tag="880">
		<subfield code="6">
			100-01/r
		</subfield>
		<subfield code="a">
			إدريسي.
		</subfield>
	</datafield>
	<datafield ind1="1" ind2="0" tag="880">
		<subfield code="6">
			240-02/r
		</subfield>
		<subfield code="a">
			نزهة المشتاق في اختراق الآفاق.
		</subfield>
		<subfield code="k">
			مختارات
		</subfield>
	</datafield>
	<datafield ind1="1" ind2="0" tag="880">
		<subfield code="6">
			245-03/r
		</subfield>
		<subfield code="a">
			وصف افريقيا الشمالية والصحراوية :
		</subfield>
		<subfield code="b">
			مأخوذ من كتاب نزهة المشتاق في اختراق الافاق /
		</subfield>
		<subfield code="c">
			تأليف الشريف الادريسي ؛ قد اعتنى بتصحيحه ونشره هنري بيريس.
		</subfield>
	</datafield>
	<datafield ind1=" " ind2=" " tag="880">
		<subfield code="6">
			260-04/r
		</subfield>
		<subfield code="a">
			الجزائر :
		</subfield>
		<subfield code="b">
			[La Maison des Livres],
		</subfield>
		<subfield code="c">
			1957.
		</subfield>
	</datafield>
	<datafield ind1="0" ind2=" " tag="880">
		<subfield code="6">
			490-05/r
		</subfield>
		<subfield code="a">
			مكتبة معهد الدروس العليا الاسلامية بالجزائر ؛
		</subfield>
		<subfield code="v">
			[10]
		</subfield>
	</datafield>
	<datafield ind1="1" ind2=" " tag="880">
		<subfield code="6">
			700-06/r
		</subfield>
		<subfield code="a">
			بيريس، هنري.
		</subfield>
	</datafield>
	<datafield ind1=" " ind2="0" tag="880">
		<subfield code="6">
			830-07/r
		</subfield>
		<subfield code="a">
			مكتبة معهد الدروس العليا الاسلامية بالجزائر ؛
		</subfield>
		<subfield code="v">
			[10]
		</subfield>
	</datafield>
	<datafield ind1=" " ind2=" " tag="959">
		<subfield code="a">
			NNU
		</subfield>
		<subfield code="b">
			WEB
		</subfield>
		<subfield code="c">
			GENI
		</subfield>
		<subfield code="t">
			0
		</subfield>
		<subfield code="m">
			Electronic access
		</subfield>
		<subfield code="s">
			01
		</subfield>
	</datafield>
	<datafield ind1=" " ind2=" " tag="999">
		<subfield code="i">
			NIC_3763940
		</subfield>
		<subfield code="o">
			(OCoLC)ocm31477878
		</subfield>
		<subfield code="s">
			cornell_aco000491
		</subfield>
		<subfield code="e">
			(ERROR-880)(ERROR-SERIES)
		</subfield>
		<subfield code="s">
			cornell_aco000491
		</subfield>
	</datafield>
</record>
